<record><leader>00000cas a2200000 a 4500</leader><controlfield tag="001">33873004</controlfield><controlfield tag="008">951107c19939999njubr ne      0    0araoc</controlfield><datafield ind1=" " ind2=" " tag="010"><subfield code="a">sn 99018294 </subfield></datafield><datafield ind1=" " ind2=" " tag="040"><subfield code="a">NYP</subfield><subfield code="b">eng</subfield><subfield code="c">NYP</subfield><subfield code="d">CLU</subfield><subfield code="d">OCLCQ</subfield><subfield code="d">OCLCF</subfield><subfield code="d">OCLCO</subfield></datafield><datafield ind1=" " ind2=" " tag="066"><subfield code="c">(3</subfield></datafield><datafield ind1=" " ind2=" " tag="012"><subfield code="i">9909</subfield></datafield><datafield ind1="1" ind2=" " tag="029"><subfield code="a">AU@</subfield><subfield code="b">000021100042</subfield></datafield><datafield ind1="0" ind2=" " tag="041"><subfield code="a">araeng</subfield></datafield><datafield ind1=" " ind2=" " tag="042"><subfield code="a">pcc</subfield></datafield><datafield ind1="1" ind2="4" tag="050"><subfield code="a">AP95.A6</subfield><subfield code="b">S266</subfield></datafield><datafield ind1="0" ind2=" " tag="130"><subfield code="a">S&#803;awt al-&#699;uru&#772;bah (Paterson, N.J.)</subfield></datafield><datafield ind1="1" ind2="0" tag="245"><subfield code="6">880-01</subfield><subfield code="a">S&#803;awt al-&#699;uru&#772;bah.</subfield></datafield><datafield ind1="1" ind2="5" tag="246"><subfield code="a">Arab voice</subfield></datafield><datafield ind1=" " ind2=" " tag="260"><subfield code="a">[Paterson] Niyu&#772; Jirsi&#772; :</subfield><subfield code="b">Da&#772;r Bi&#772;sa&#772;n,</subfield><subfield code="c">1993-</subfield></datafield><datafield ind1=" " ind2=" " tag="300"><subfield code="a">v. :</subfield><subfield code="b">ill. ;</subfield><subfield code="c">40-44 cm.</subfield></datafield><datafield ind1=" " ind2=" " tag="310"><subfield code="a">Biweekly</subfield></datafield><datafield ind1="0" ind2=" " tag="362"><subfield code="a">al-&#699;Adad 1., al-sanah 1. (15 Ka&#772;nu&#772;n al-Tha&#772;ni&#772; 1993)-</subfield></datafield><datafield ind1=" " ind2=" " tag="530"><subfield code="a">Latest issue also available online through the Internet via the World Wide Web.</subfield></datafield><datafield ind1=" " ind2=" " tag="546"><subfield code="a">Arabic and English.</subfield></datafield><datafield ind1=" " ind2=" " tag="588"><subfield code="a">Latest issue consulted: al-&#699;Adad 151, al-sanah 7 (15-8-1999).</subfield></datafield><datafield ind1=" " ind2="0" tag="650"><subfield code="a">Arab Americans</subfield><subfield code="v">Newspapers.</subfield></datafield><datafield ind1=" " ind2="7" tag="655"><subfield code="a">Newspapers.</subfield><subfield code="2">fast</subfield><subfield code="0">(OCoLC)fst01423814</subfield></datafield><datafield ind1=" " ind2="7" tag="650"><subfield code="a">Arab Americans.</subfield><subfield code="2">fast</subfield><subfield code="0">(OCoLC)fst00812200</subfield></datafield><datafield ind1=" " ind2=" " tag="752"><subfield code="a">United States</subfield><subfield code="b">New Jersey</subfield><subfield code="c">Passaic County</subfield><subfield code="d">Paterson.</subfield></datafield><datafield ind1=" " ind2=" " tag="850"><subfield code="a">CLU</subfield></datafield><datafield ind1="4" ind2="1" tag="856"><subfield code="u">http://bibpurl.oclc.org/web/655</subfield><subfield code="u">http://www.arabvoice.com/</subfield></datafield><datafield ind1="0" ind2="0" tag="880"><subfield code="6">245-01/(3/r</subfield><subfield code="a">&#1589;&#1608;&#1578; &#1575;&#1604;&#1593;&#1585;&#1608;&#1576;&#1577;.</subfield></datafield></record>